
@book{krippendorf_content_2000,
  address = {Thousand Oaks},
  title = {The {{Content Analysis Guidebook}}},
  timestamp = {2016-05-30T06:17:49Z},
  publisher = {{SAGE Publications}},
  author = {Krippendorf, Kimberly A.},
  year = {2000},
  file = {Krippendorf - 2000 - The Content Analysis Guidebook.pdf:/Users/home/Library/Application Support/Zotero/Profiles/a3yiic1x.default/zotero/storage/B672MNG6/Krippendorf - 2000 - The Content Analysis Guidebook.pdf:application/pdf}
}


